@article{Hundhausen2002,
  author    = {Christopher D. Hundhausen and
               Sarah A. Douglas and
               John T. Stasko},
  title     = {A Meta-Study of Algorithm Visualization Effectiveness},
  journal   = {Journal of Visual Languages and Computing},
  volume    = {13},
  number    = {3},
  pages     = {259--290},
  year      = {2002},
  url       = {https://doi.org/10.1006/jvlc.2002.0237},
  doi       = {10.1006/jvlc.2002.0237},
  timestamp = {Fri, 26 May 2017 22:51:16 +0200},
  biburl    = {https://dblp.org/rec/journals/vlc/HundhausenDS02.bib},
  bibsource = {dblp computer science bibliography, https://dblp.org}
}

@misc{Stanch2021,
  author = {Nick Stanch},
  title = {Reftree},
  year = {2021},
  publisher = {GitHub},
  journal = {GitHub repository},
  url = {https://github.com/stanch/reftree},
  commit = {c2aebe6a9e67283b0c55031e295c99cb349ae22d}
}

@misc{Lolviz,
  author = {Terence Parr},
  title = {lolviz},
  year = {2021},
  publisher = {GitHub},
  journal = {GitHub repository},
  url = {https://github.com/parrt/lolviz},
  commit = {301779d39934937795b71ad5d9d62d8a45f7bee1}
}

@misc{aed-utilities,
  author = {Ivan Sipirán},
  title = {AED - Utilities},
  year = {2021},
  publisher = {GitHub},
  journal = {GitHub repository},
  url = {https://github.com/ivansipiran/aed-utilities},
  commit = {c95cd89daf53820f6439bdb6e3f1d421c621fe04}
}

@software{manim,
  author = {{The Manim Community Developers}},
  license = {MIT},
  month = {7},
  title = {{Manim – Mathematical Animation Framework}},
  url = {https://www.manim.community/},
  version = {v0.16.0},
  year = {2022}
}

@book{Algorithms,
  author    = {Thomas H. Cormen and
               Charles E. Leiserson and
               Ronald L. Rivest and
               Clifford Stein},
  title     = {Introduction to Algorithms, 3rd Edition},
  publisher = {{MIT} Press},
  year      = {2009},
  url       = {http://mitpress.mit.edu/books/introduction-algorithms},
  isbn      = {978-0-262-03384-8},
  timestamp = {Mon, 17 Aug 2020 11:36:12 +0200},
  biburl    = {https://dblp.org/rec/books/daglib/0023376.bib},
  bibsource = {dblp computer science bibliography, https://dblp.org}
}

@inproceedings{large-tree-diffs,
  author = {Pawlik, Mateusz and Augsten, Nikolaus},
  title = {Minimal Edit-Based Diffs for Large Trees},
  year = {2020},
  isbn = {9781450368599},
  publisher = {Association for Computing Machinery},
  address = {New York, NY, USA},
  url = {https://doi.org/10.1145/3340531.3412026},
  doi = {10.1145/3340531.3412026},
  booktitle = {Proceedings of the 29th ACM International Conference on Information \& Knowledge Management},
  pages = {1225–1234},
  numpages = {10},
  keywords = {tree-structured data, minimal tree difference, similarity search, tree edit distance},
  location = {Virtual Event, Ireland},
  series = {CIKM '20}
}

@book{kluyver2016jupyter,
  title={Jupyter Notebooks-a publishing format for reproducible computational workflows.},
  author={Kluyver, Thomas and Ragan-Kelley, Benjamin and P{\'e}rez, Fernando and Granger, Brian E and Bussonnier, Matthias and Frederic, Jonathan and Kelley, Kyle and Hamrick, Jessica B and Grout, Jason and Corlay, Sylvain and others},
  volume={2016},
  year={2016}
}

@article{Penrose,
author = {Ye, Katherine and Ni, Wode and Krieger, Max and Ma'ayan, Dor and Wise, Jenna and Aldrich, Jonathan and Sunshine, Joshua and Crane, Keenan},
title = {Penrose: From Mathematical Notation to Beautiful Diagrams},
year = {2020},
issue_date = {July 2020},
publisher = {Association for Computing Machinery},
address = {New York, NY, USA},
volume = {39},
number = {4},
issn = {0730-0301},
url = {https://doi.org/10.1145/3386569.3392375},
doi = {10.1145/3386569.3392375},
journal = {ACM Transactions on Graphics},
month = {7},
articleno = {144},
numpages = {16},
keywords = {mathematical diagrams}
}

@MISC{arq-notebook,
    author = {{Jupyter Project}},
    title = {Architecture},
    year = {2021},
    url = {https://jupyter.readthedocs.io/en/latest/projects/architecture/content-architecture.html}
}

@misc{arq-widget,
    author = {{Jupyter Widgets}},
    title = {User Guide},
    year = {2021},
    url = {https://ipywidgets.readthedocs.io/en/stable/user_guide.html}
}

@misc{encuesta-github,
    author = {GitHub},
    title={The State of the Octoverse},
    url={https://octoverse.github.com/#top-languages-over-the-years},
    year = {2021}
}

@misc{threejs-manual,
  title = {Three.js Manual},
  url = {https://threejs.org/manual},
  year = {2021},
  }

@incollection{brooke1996quick,
  added-at = {2020-11-16T00:29:59.000+0100},
  author = {Brooke, John},
  biburl = {https://www.bibsonomy.org/bibtex/2e7c1af15d801e57f9bc7696d5c35ac9c/derek-jones},
  booktitle = {Usability Evaluation in Industry},
  chapter = 21,
  data = {NA},
  editor = {Jordan, Patrick W. and Thomas, Bruce and Weerdmeester, Bernard A. and McClelland, Ian Lyall},
  interhash = {4a5f4235a71f70c4e3c03fb48f0beb91},
  intrahash = {e7c1af15d801e57f9bc7696d5c35ac9c},
  isbn = {9780748404605},
  keywords = {imported},
  month = {6},
  online = {sus.pdf},
  pages = {189--194},
  publisher = {Taylor and Francis},
  timestamp = {2020-11-16T00:29:59.000+0100},
  title = {{SUS}: {A} `Quick' and `Dirty' Usability Scale},
  year = 1996
}

@article{evaluation-of-sus,
	author = {Aaron Bangor and Philip T. Kortum and James T. Miller},
	doi = {10.1080/10447310802205776},
	eprint = {https://doi.org/10.1080/10447310802205776},
	journal = {International Journal of Human--Computer Interaction},
	number = {6},
	pages = {574-594},
	publisher = {Taylor & Francis},
	title = {An Empirical Evaluation of the System Usability Scale},
	url = {https://doi.org/10.1080/10447310802205776},
	volume = {24},
	year = {2008},
	Bdsk-Url-1 = {https://doi.org/10.1080/10447310802205776}}


@article{spanish-sus,
	author = {Sevilla-Gonzalez, Magdalena Del Rocio and Moreno Loaeza, Lizbeth and Lazaro-Carrera, Laura Sofia and Bourguet Ramirez, Brigette and V{\'a}zquez Rodr{\'\i}guez, Anabel and Peralta-Pedrero, Mar{\'\i}a Luisa and Almeda-Valdes, Paloma},
	day = {16},
	doi = {10.2196/21161},
	issn = {2292-9495},
	journal = {JMIR Hum Factors},
	keywords = {mHealth; usability; validation; System Usability Scale; Spanish},
	month = {12},
	number = {4},
	pages = {e21161},
	title = {Spanish Version of the System Usability Scale for the Assessment of Electronic Tools: Development and Validation},
	url = {http://www.ncbi.nlm.nih.gov/pubmed/33325828},
	volume = {7},
	year = {2020},
	bdsk-url-1 = {http://www.ncbi.nlm.nih.gov/pubmed/33325828},
	bdsk-url-2 = {https://doi.org/10.2196/21161}}

@book{quantifying-the-user-experience,
  author = {Sauro, Jeff and Lewis, James R.},
  title = {Quantifying the User Experience: Practical Statistics for User Research},
  year = {2012},
  isbn = {9780123849687},
  publisher = {Morgan Kaufmann Publishers Inc.},
  address = {San Francisco, CA, USA},
  edition = {1st},
}
